
@misc{Github Users,
	author = {Multi persons},
	title = {Arduino Turret},
	howpublished = "\url{https://github.com/search?q=arduino+turret}",
}
@misc{Website,
	@Comment={relax kullanılma nedeni isim olarak algılayıp kısaltmaması için.},
	author = {\relax Bilgisayar Mühendisliği Bölümü}, 
	title = {{The Extendedsystem website}},
	howpublished = "\url{http://www.extendedsystems.com/}",
	year = {2017}, 	
}
@BOOK{Haartsen,
title = {The Bluetooth Radio System},
publisher = {IEEE Personal Communications},
author = {Haartsen, J. C},
}
@BOOK{Camoglu_KR,
title = {Kontrollü Robotik},
publisher = {Dikeyeksen Yayıncılık},
year={2011},
author = {Camoglu, D},
}
@BOOK{TasdemirArduino,
title = {Arduino},
publisher = {Dikeyeksen Yayın Dağıtım Yazılım ve Eğitim Hizmetleri San. ve Tic. Ltd. Şti.},
year={2012},
author = {Tasdemir, C},
}
@BOOK{IbrahimPIC,
title = {PIC Mikrokontrolör Robot Projeleri},
publisher = {Bileşim Yayıncılık Fuarcılık ve Tanıtım Hizmetleri A.Ş.},
year={2005},
author = {Ibrahim, D},
}

% Referansları doğru şekilde düzenledim. Ancak derleme sonrası çıktıda gözükmüyor. Bundan dolayı kaynakçaları yeni dosya açarak "kaynakca.tex" ile derleyip gösterdim.


\clearpage